@article{Kuijken_2008,
   title={GaaP: PSF- and aperture-matched photometry using shapelets},
   volume={482},
   ISSN={1432-0746},
   url={http://dx.doi.org/10.1051/0004-6361:20066601},
   DOI={10.1051/0004-6361:20066601},
   number={3},
   journal={Astronomy & amp; Astrophysics},
   publisher={EDP Sciences},
   author={Kuijken, K.},
   year={2008},
   month=mar, pages={1053–1067} }

@article{Refregier_2003_1,
   title={Shapelets -- I. A method for image analysis},
   volume={338},
   ISSN={1365-2966},
   url={http://dx.doi.org/10.1046/j.1365-8711.2003.05901.x},
   DOI={10.1046/j.1365-8711.2003.05901.x},
   number={1},
   journal={Monthly Notices of the Royal Astronomical Society},
   publisher={Oxford University Press (OUP)},
   author={Refregier, A.},
   year={2003},
   month=jan, pages={35–47} }

@article{Refregier_2003_2,
   title={Shapelets -- II. A method for weak lensing measurements},
   volume={338},
   ISSN={1365-2966},
   url={http://dx.doi.org/10.1046/j.1365-8711.2003.05902.x},
   DOI={10.1046/j.1365-8711.2003.05902.x},
   number={1},
   journal={Monthly Notices of the Royal Astronomical Society},
   publisher={Oxford University Press (OUP)},
   author={Refregier, A. and Bacon, D.},
   year={2003},
   month=jan, pages={48–56} }


@article{Kuijken_2015,
   title={Gravitational lensing analysis of the Kilo-Degree Survey},
   volume={454},
   ISSN={1365-2966},
   url={http://dx.doi.org/10.1093/mnras/stv2140},
   DOI={10.1093/mnras/stv2140},
   number={4},
   journal={Monthly Notices of the Royal Astronomical Society},
   publisher={Oxford University Press (OUP)},
   author={Kuijken, Konrad and Heymans, Catherine and Hildebrandt, Hendrik and Nakajima, Reiko and Erben, Thomas and de Jong, Jelte T. A. and Viola, Massimo and Choi, Ami and Hoekstra, Henk and Miller, Lance and van Uitert, Edo and Amon, Alexandra and Blake, Chris and Brouwer, Margot and Buddendiek, Axel and Conti, Ian Fenech and Eriksen, Martin and Grado, Aniello and Harnois-Déraps, Joachim and Helmich, Ewout and Herbonnet, Ricardo and Irisarri, Nancy and Kitching, Thomas and Klaes, Dominik and La Barbera, Francesco and Napolitano, Nicola and Radovich, Mario and Schneider, Peter and Sifón, Cristóbal and Sikkema, Gert and Simon, Patrick and Tudorica, Alexandru and Valentijn, Edwin and Verdoes Kleijn, Gijs and van Waerbeke, Ludovic},
   year={2015},
   month=oct, pages={3500–3532} }
